@article{gaptrain2021,
	doi = {10.1039/d1sc01825f},
	url = {https://doi.org/10.1039/d1sc01825f},
	year = {2021},
	publisher = {Royal Society of Chemistry ({RSC})},
	volume = {12},
	number = {32},
	pages = {10944--10955},
	author = {Tom A. Young and Tristan Johnston-Wood and Volker L. Deringer and Fernanda Duarte},
	title = {A transferable active-learning strategy for reactive molecular force fields},
	journal = {Chemical Science}
}
@article{Mahoney2009,
	doi = {10.1073/pnas.0803205106},
	url = {https://doi.org/10.1073/pnas.0803205106},
	year = {2009},
	month = jan,
	publisher = {Proceedings of the National Academy of Sciences},
	volume = {106},
	number = {3},
	pages = {697--702},
	author = {Michael W. Mahoney and Petros Drineas},
	title = {{CUR} matrix decompositions for improved data analysis},
	journal = {Proceedings of the National Academy of Sciences}
}
@article{Jensen1962,
	doi = {10.1021/ja00862a015},
	url = {https://doi.org/10.1021/ja00862a015},
	year = {1962},
	month = feb,
	publisher = {American Chemical Society ({ACS})},
	volume = {84},
	number = {3},
	pages = {386--389},
	author = {Frederick R. Jensen and Donald S. Noyce and Charles H. Sederholm and Alvin J. Berlin},
	title = {The Rate of the Chair-Chair Interconversion of Cyclohexane},
	journal = {Journal of the American Chemical Society}
}
@article{Bertz1981,
	doi = {10.1021/ja00402a071},
	url = {https://doi.org/10.1021/ja00402a071},
	year = {1981},
	month = jun,
	publisher = {American Chemical Society ({ACS})},
	volume = {103},
	number = {12},
	pages = {3599--3601},
	author = {Steven H. Bertz},
	title = {The first general index of molecular complexity},
	journal = {Journal of the American Chemical Society}
}
@article{Wengert2021,
	doi = {10.1039/d0sc05765g},
	url = {https://doi.org/10.1039/d0sc05765g},
	year = {2021},
	publisher = {Royal Society of Chemistry ({RSC})},
	volume = {12},
	number = {12},
	pages = {4536--4546},
	author = {Simon Wengert and G{\'{a}}bor Cs{\'{a}}nyi and Karsten Reuter and Johannes T. Margraf},
	title = {Data-efficient machine learning for molecular crystal structure prediction},
	journal = {Chemical Science}
}
@article{Rowe2020,
	doi = {10.1063/5.0005084},
	url = {https://doi.org/10.1063/5.0005084},
	year = {2020},
	month = jul,
	publisher = {{AIP} Publishing},
	volume = {153},
	number = {3},
	pages = {034702},
	author = {Patrick Rowe and Volker L. Deringer and Piero Gasparotto and G{\'{a}}bor Cs{\'{a}}nyi and Angelos Michaelides},
	title = {An accurate and transferable machine learning potential for carbon}
}